@article{HAMRANI2020140338,
title = {Machine learning for predicting greenhouse gas emissions from agricultural soils},
journal = {Science of The Total Environment},
volume = {741},
pages = {140338},
year = {2020},
issn = {0048-9697},
doi = {https://doi.org/10.1016/j.scitotenv.2020.140338},
url = {https://www.sciencedirect.com/science/article/pii/S0048969720338602},
author = {Abderrachid Hamrani and Abdolhamid Akbarzadeh and Chandra A. Madramootoo},
keywords = {Machine learning, Classical regression, Shallow learning, Deep learning, Greenhouse gas emissions, Agricultural soil},
}

@article{KIJEWSKA2016935,
title = {Research of varying levels of greenhouse gas emissions in {E}uropean countries using the k-means method},
journal = {Atmospheric Pollution Research},
volume = {7},
number = {5},
pages = {935-944},
year = {2016},
issn = {1309-1042},
doi = {https://doi.org/10.1016/j.apr.2016.05.010},
url = {https://www.sciencedirect.com/science/article/pii/S1309104215305754},
author = {Anna Kijewska and Anna Bluszcz},
keywords = {Greenhouse gas emissions, GHG, Cluster analysis, k-means method},
}

@inproceedings{lozza2018clasificacion,
  title={Clasificaci{\'o}n de sistemas ganaderos para estimaci{\'o}n de gases de efecto invernadero},
  author={Lozza, Anabella and Bellini Saibene, Yanina},
  booktitle={Conferencia Latinoamericana sobre Uso de R en Investigaci{\'o}n+ Desarrollo (LatinR 2018)-JAIIO 47 (CABA, 2018)},
  year={2018}
}

@article{JIANG2023108821,
title = {Ensemble machine learning for modeling greenhouse gas emissions at different time scales from irrigated paddy fields},
journal = {Field Crops Research},
volume = {292},
pages = {108821},
year = {2023},
issn = {0378-4290},
doi = {https://doi.org/10.1016/j.fcr.2023.108821},
url = {https://www.sciencedirect.com/science/article/pii/S037842902300014X},
author = {Zewei Jiang and Shihong Yang and Pete Smith and Qingqing Pang},
keywords = {Machine learning, Stacking, Greenhouse gas, Water-saving irrigation, Paddy},
}

@Article{app10196938,
AUTHOR = {Hempel, Sabrina and Adolphs, Julian and Landwehr, Niels and Willink, Dilya and Janke, David and Amon, Thomas},
TITLE = {Supervised Machine Learning to Assess Methane Emissions of a Dairy Building with Natural Ventilation},
JOURNAL = {Applied Sciences},
VOLUME = {10},
YEAR = {2020},
NUMBER = {19},
ARTICLE-NUMBER = {6938},
URL = {https://www.mdpi.com/2076-3417/10/19/6938},
ISSN = {2076-3417},
DOI = {10.3390/app10196938}
}

@article{ballesteros2007informacion,
  title={Informaci{\'o}n t{\'e}cnica sobre gases de efecto invernadero y el cambio clim{\'a}tico},
  author={Ballesteros, HO Benavides and Aristizabal, GE Le{\'o}n},
  journal={Instituto de Hidrolog{\'\i}a, Meteorolog{\'\i}a y Estudios Ambientales-IDEAM. Subdirecci{\'o}n de Meteorolog{\'\i}a (Bogot{\'a}, Colombia).},
  year={2007}
}